@misc{WinNT,
title = {PEP 518 â€“ Specifying Minimum Build System Requirements for Python Projects},
author = {Brett Cannon brett at python.org, Nathaniel J. Smith njs at pobox.com, Donald Stufft donald at stufft.io},
howpublished = {https://peps.python.org/pep-0518/},
}
@misc{sphinx,
    key = {https://www.sphinx-doc.org/en/master/},
    note = {Sphinx, https://www.sphinx-doc.org/en/master/}
}
@article{wilbers2009using,
  title={Using cython to speed up numerical python programs},
  author={Wilbers, Ilmar M and Langtangen, Hans Petter and {\O}deg{\aa}rd, {\AA}smund},
  journal={Proceedings of MekIT},
  volume={9},
  pages={495--512},
  year={2009}
}

@misc{cibuild,
    key = {https://cibuildwheel.pypa.io/en/stable/},
    note = {cibuildwheel package, https://cibuildwheel.pypa.io/en/stable/}
}

@misc{slot,
    key = "https://medium.com/@sompod123/unlock-the-magic-of-python-with-slots-boost-performance-save-memory-348400739072" ,
    note = "Unlock the Magic of Python with \_\_slots\_\_: Boost Performance & Save Memory!, https://medium.com/@sompod123/unlock-the-magic-of-python-with-slots-boost-performance-save-memory-348400739072"
}

@misc{dualdef,
    key = "https://en.wikipedia.org/wiki/Dual_number",
    note = "Dual number Wikipedia Explanation, https://en.wikipedia.org/wiki/Dual_number" 
}